
%MARCO TEORICO

@misc{MTRAD,
	author = {C. Rigney, S. Willens, Livingston, A. Rubens, Merit, W. Simpson},                                
	Title = {RFC 2865 RADIUS},
	year = {Junio, 2000},
	howpublished = "\url{https://tools.ietf.org/html/rfc2865 }, consultado el 5 de mao de 2016"
}

@misc{MTFW,
	author = {Dirk Riehle},
	Title = {Framework Design: A Role Modeling Approach},
	year = {2000},
	howpublished = "\url{http://dirkriehle.com/computer-science/research/dissertation/diss-a4.pdf}, consultado el 11 de marzo de 2016"
}

@book{MTMD,
	author = {Rebecca Guenther and Jacqueline Radebaugh},
	title = {Understanding Metadata},
	year = {2004},
	publisher = {NISO Press}
}

@book{MTSW,
	author  = {Gustavo Alonso and Fabio Casati and Harumi Kuno and Vlissidesijay Machiraju},
	title   = {Web Services: Concepts, Architectures and Applications},
	year = {2004},
	publisher = {Springer Science, Business Media}
}

@book{MTREST,
    author = {Leonard Richardson},
    title = {RESTFul Web Services for the Real World},
    year = {2007},
    isbn = {978-0-596-52926-0},
    publisher = {O’Reilly Media, Inc},
    edition = {1},
}

@misc{MTSPA,
	author  = {I. Evaaans},
	Title = {Single Page Application (SPA) una tendencia creciente},
	year = {2013},
	howpublished = "\url{http://tecnimedios.com/blog/programacion/jquery/single-page-application-spa-una-tendencia-creciente/}, consultado el 11 de marzo de 2016",
}

@misc{MTWS,
	author = {I. Fette and A. Melnikov},
	title  = {The WebSocket Protocooool},
	year = {2011},
	howpublished = "\url{https://tools.ietf.org/html/rfc6455#section-1.2}, consultado el 11 de marzo de 2016"
}

@book{MTPD,
	author  = {Erich Gamma and Richard Helm and Ralph Johnson and John Vlissides},
  	title   = {Design Patterns: Elements of Reusable Object-Oriented Software},
    year = {1994},
    publisher = {Pearson Education},
}

@misc{MTMVC,
	author = {Ralph F. Grove and Eray Ozkan},
	title = {THE MVC-WEB DESIGN PATTERN},
	year = {2011},
	howpublished = "\url{http://grove.cs.jmu.edu/groverf/papers/WEBIST2011.pdf}, consultado el 14 de marzo de 2016"	
}

@misc{MTID,
	author  = {Martin Fowler},
	Title = {Inversion of Control Containers and the Dependency Injection pattern},
	year = {2004},
	howpublished = "\url{http://martinfowler.com/articles/injection.html}, consultado el 11 de marzo de 2016"
}

////////////////////////////////////////////////////////////////////////////////////////////////

@misc{MTJS,
	title   = {JavaScript},
	howpublished = "\url{https://developer.mozilla.org/es/docs/Web/JavaScript}, consultado el 14 de marzo de 2016"
}

@misc{MTTS,
	title   = {TypeScript},
	publisher = {Springer Science, Business Media},
	howpublished = "\url{https://github.com/Microsoft/TypeScript}, consultado el 14 de marzo de 2016",
}

@misc{MTANGULARJS,
	title = {What Is Angular?},
	howpublished = "\url{https://docs.angularjs.org/guide/introduction}, consultado el 14 de marzo de 2016"
}

@misc{MTNODEJS,
	title = {Node.js},
	howpublished = "\url{https://nodejs.org/en/}, consultado el 14 de marzo de 2016"
}

@misc{MTEXPRESS1,
	title = {Express},
	howpublished = "\url{http://expressjs.com/}, consultado el 14 de marzo de 2016"
}

@misc{MTEXPRESS2,
	title = {Introducción a Express.js},
	howpublished = "\url{https://geekytheory.com/introduccion-a-express-js/}, consultado el 14 de marzo de 2016"
}

@misc{MTMONGO1,
	title = {Reinventando la gestión de datos},
	howpublished = "\url{https://www.mongodb.com/es}, consultado el 14 de marzo de 2016"
}

@misc{MTMONGO2,
	title = {Mongoose},
	howpublished = "\url{http://mongoosejs.com/}, consultado el 14 de marzo de 2016"
}

@misc{MTSOCKETIO,
	title = {Socket.io},
	howpublished = "\url{http://socket.io/}, consultado el 14 de marzo de 2016"
}

@misc{MTD3,
	title = {D3 Data-Driven Documents},
	howpublished = "\url{https://d3js.org/}, consultado el 14 de marzo de 2016"
}

@misc{MTB,
	Title = {Bower A package manager for the web},
	howpublished = "\url{http://bower.io/}, consultado el 14 de marzo de 2016",
}

@misc{MTNPM,
	Title = {What is npm?},
	howpublished = "\url{https://docs.npmjs.com/getting-started/what-is-npm}, consultado el 14 de marzo de 2016"
}

@misc{MTGULP,
	Title = {What is gulp?},
	howpublished = "\url{https://github.com/gulpjs/gulp}, consultado el 14 de marzo de 2016"
}

@misc{MTJADE,
	title = {JADE},
	howpublished = "\url{https://github.com/pugjs/jade}, consultado el 14 de marzo de 2016"	
}

@misc{MTHTML,
	Title = {HTML Introduction},
	howpublished = "\url{https://developer.mozilla.org/en-US/docs/Web/HTML}, consultado el 14 de marzo de 2016"
}

@misc{MTSASS,
	Title = {Sass (Syntactically Awesome StyleSheets)},
	howpublished = "\url{http://sass-lang.com/documentation/file.SASS_REFERENCE.html}, consultado el 14 de marzo de 2016"
}

@misc{MTIF,
	Title = {Welcome to Ionic},
	howpublished = "\url{http://ionicframework.com/docs/guide/preface.html}, consultado el 14 de marzo de 2016"
}

@misc{MTY,
	Title = {The web's scaffoling tool for modern webapps},
	howpublished = "\url{http://yeoman.io/}, consultado el 14 de marzo de 2016"
}

@misc{MTJSON,
	Title = {Introducing {JSON}},
	howpublished = "\url{http://www.json.org/}, consultado el 14 de marzo de 2016"
}

/////////////////////////////////////////////////////////////////////////////////////

@misc{ESGB0,
	author  = {Synergy-GB},
	Title = {Synergy-{GB}},
	year = {2013},
	howpublished = "\url{http://synergy-gb.com}, consultado el 11 de marzo de 2016",
}

@misc{ESGB1,
	author  = {Synergy-GB},
	Title = {Organigrama de {S}ynergy-{GB}},
	year = {2014},
	howpublished = "consultado el 11 de marzo de 2016"
}

@misc{ESGB2,
	author  = {Synergy-GB},
	Title = {Áreas de la empresa},
	year = {2014},
	howpublished = "consultado el 11 de marzo de 2016"
} 


@misc{MMSynergy,
	Title = {Metodología de {P}oyectos {S}ynergy-{GB} [{E}nfoque en {S}eguimiento]},
	howpublished = "consultado el 17 de enero de 2016"
}

@misc{MMSCRM,
	author = {Ken Schwaber and Jeff Sutherland},
	Title = {The {S}crum {G}uide},
	year = {2013},
	howpublished = "\url{https://www.scrum.org/scrum-guide}, consultado el 15 de enero de 2016"
}
