@misc{TDX,
	Title = {Tedexis},                                
	year = {2016},
	howpublished = "\url{https://http://tedexis.com}, consultado el 25 de septiembre de 2016"
}

@misc{FW,
	Title = {Wikipedia, The Free Encyclopedia. Software Framework},                                
	year = {2016},
	howpublished = "\url{https://en.wikipedia.org/wiki/Software_framework }, consultado el 25 de septiembre de 2016"
}


@misc{MVC,
	Title = {The mvc-web design pattern},                                
	year = {2016},
	howpublished = "\url{http://grove.cs.jmu.edu/groverf/papers/WEBIST2011.pdf}, consultado el 25 de septiembre de 2016"
}

@misc{Json,
	Title = {Introducing JSON},                                
	year = {2016},
	howpublished = "\url{http://www.json.org/}, consultado el 25 de septiembre de 2016"
}

@misc{SW,
	Title = {Wikipedia, The Free Encyclopedia. Servicio Web},                                
	year = {2016},
	howpublished = "\url{https://es.wikipedia.org/wiki/Servicio_web}, consultado el 25 de septiembre de 2016"
}


@misc{REST,
	Title = {TechTarget. REST},                                
	year = {2016},
	howpublished = "\url{http://searchsoa.techtarget.com/definition/REST}, consultado el 25 de septiembre de 2016"
}


@misc{JV,
	Title = {What is Java?},                                
	year = {2016},
	howpublished = "\url{https://java.com/en/download/faq/whatis_java.xml}, consultado el 25 de septiembre de 2016"
}


@misc{JS,
	Title = {JavaScript},                                
	year = {2016},
	howpublished = "\url{https://developer.mozilla.org/es/docs/Web/JavaScript}, consultado el 25 de septiembre de 2016"
}


@misc{ANG,
	Title = {What is AngularJS?},                                
	year = {2016},
	howpublished = "\url{https://docs.angularjs.org/guide/introduction}, consultado el 25 de septiembre de 2016"
}


@misc{MDB,
	Title = {Reinventando la gestión de datos},                                
	year = {2016},
	howpublished = "\url{https://www.mongodb.com/es}, consultado el 25 de septiembre de 2016"
}


@misc{BW,
	Title = {Bower a package manager for the web.},                                
	year = {2016},
	howpublished = "\url{http://bower.io/}, consultado el 25 de septiembre de 2016"
}


@misc{HTML,
	Title = {HTML},                                
	year = {2016},
	howpublished = "\url{https://developer.mozilla.org/es/docs/Web/HTML}, consultado el 25 de septiembre de 2016"
}



@misc{NB,
	Title = {Welcome to the NetBeans Community},                                
	year = {2016},
	howpublished = "\url{https://netbeans.org/about/}, consultado el 25 de septiembre de 2016"
}


@misc{BB,
	Title = {Programa, gestiona, colabora, Bitbucket es la solución Git para equipos profesionales},                                
	year = {2016},
	howpublished = "\url{https://es.atlassian.com/software/bitbucket}, consultado el 25 de septiembre de 2016"
}


@misc{NPM,
	Title = {What is NPM?},                                
	year = {2016},
	howpublished = "\url{https://docs.npmjs.com/getting-started/what-is-npm}, consultado el 25 de septiembre de 2016"
}


@misc{SCRUM,
	Title = {The Definitive Guide to Scrum},                                
	year = {2016},
	howpublished = "\url{http://www.scrumguides.org/docs/scrumguide/v2016/2016-Scrum-Guide-US.pdf#zoom=100}, consultado el 26 de septiembre de 2016"
}



@misc{PSQL,
	Title = {About PostgreSQL.},                                
	year = {2016},
	howpublished = "\url{https://www.postgresql.org/about/}, consultado el 30 de septiembre de 2016"
}

@misc{mimport,
	Title = {Mongoimport.},                                
	year = {2016},
	howpublished = "\url{https://docs.mongodb.com/manual/reference/mongoimport/}, consultado el 5 de octubre de 2016"
}


@misc{hilo,
	Title = {Hilos.},                                
	year = {2016},
	howpublished = "\url{http://ldc.usb.ve/~yudith/docencia/ci-3825/ClaseThreads.pdf}, consultado el 8 de octubre de 2016"
}


@misc{cursor,
	Title = {DBCursor class.},                                
	year = {2016},
	howpublished = "\url{https://api.mongodb.com/java/2.6/com/mongodb/DBCursor.html}, consultado el 10 de octubre de 2016"
}


@misc{NODE,
	Title = {Node.js},                                
	year = {2016},
	howpublished = "\url{https://nodejs.org/en/}, consultado el 25 de septiembre de 2016".
}

@misc{jar,
	Title = {JAX-RS.},                                
	year = {2016},
	howpublished = "\url{https://jax-rs-spec.java.net/}, consultado el 12 de octubre de 2016"
}

@misc{jersey,
	Title = {Jersey - RESTful Web Services in Java.},                                
	year = {2016},
	howpublished = "\url{https://jersey.java.net/}, consultado el 12 de octubre de 2016"
}


@misc{satellizer,
	Title = {Satellizer, Token-based AngularJS Authentication.},                                
	year = {2016},
	howpublished = "\url{https://github.com/sahat/satellizer}, consultado el 19 de octubre de 2016"
}

@misc{esquema,
	Title = {Esquema en PostgreSQL.},                                
	year = {2016},
	howpublished = "\url{https://www.postgresql.org/docs/9.1/static/ddl-schemas.html}, consultado el 12 de octubre de 2016"
}

@misc{tokens,
	Title = {Autenticacion basada en Tokens.},                                
	year = {2016},
	howpublished = "\url{https://github.com/sahat/satellizer}, consultado el 19 de octubre de 2016"
}

@misc{gentelella,
	Title = {Gentelella.},                                
	year = {2016},
	howpublished = "\url{https://github.com/puikinsh/gentelella}, consultado el 19 de octubre de 2016"
}
 
